@ARTICLE{Figueredo:2009dg,
   author = {Figueredo, A.~J. and Wolf, P. S.~A.},
   title = {Assortative pairing and life history strategy -- a cross-cultural study},
   journal = {Human Nature},
   volume = {20},
   pages = {317-330},
   year = {2009},
   doi={https://doi.org/10.1007/s12110-009-9068-2}
}

@MISC{Hao:gidmaps:2014,
  author = {Hao, Z. and AghaKouchak, A. and Nakhjiri, N. and Farahmand, A},
  year = {2014},
  title = {Global integrated drought monitoring and prediction system ({GIDMaPS}) data sets},
  howpublished = {\emph{figshare} \url{http://dx.doi.org/10.6084/m9.figshare.853801}}
}

%%%%%%%%%%%%%%%%%%%%%%%%%%%%%%%%%%%%%%%%%


@article{meng2021continuous,
  title={Continuous rise of the tropopause in the Northern Hemisphere over 1980--2020},
  author={Meng, Lingyun and Liu, Jane and Tarasick, David W and Randel, William J and Steiner, Andrea K and Wilhelmsen, Hallgeir and Wang, Lei and Haimberger, Leopold},
  journal={Science Advances},
  volume={7},
  number={45},
  pages={eabi8065},
  year={2021},
  publisher={American Association for the Advancement of Science}
}
@article{feng2012trends,
  title={Trends in the global tropopause thickness revealed by radiosondes},
  author={Feng, Sha and Fu, Yunfei and Xiao, Qingnong},
  journal={Geophysical Research Letters},
  volume={39},
  number={20},
  year={2012},
  publisher={Wiley Online Library}
}
@article{santer2003contributions,
  title={Contributions of anthropogenic and natural forcing to recent tropopause height changes},
  author={Santer, Ben D and Wehner, Michael F and Wigley, TML and Sausen, R and Meehl, GA and Taylor, KE and Ammann, C and Arblaster, J and Washington, WM and Boyle, JS and others},
  journal={science},
  volume={301},
  number={5632},
  pages={479--483},
  year={2003},
  publisher={American Association for the Advancement of Science}
}
@article{seidel2006variability,
  title={Variability and trends in the global tropopause estimated from radiosonde data},
  author={Seidel, Dian J and Randel, William J},
  journal={Journal of Geophysical Research: Atmospheres},
  volume={111},
  number={D21},
  year={2006},
  publisher={Wiley Online Library}
}
@article{zangl2001tropopause,
  title={The tropopause in the polar regions},
  author={Z{\"a}ngl, G{\"u}nther and Hoinka, Klaus P},
  journal={Journal of Climate},
  volume={14},
  number={14},
  pages={3117--3139},
  year={2001},
  publisher={American Meteorological Society}
}
@article{reichler2003determining,
  title={Determining the tropopause height from gridded data},
  author={Reichler, Thomas and Dameris, Martin and Sausen, Robert},
  journal={Geophysical research letters},
  volume={30},
  number={20},
  year={2003},
  publisher={Wiley Online Library}
}

@article{tegtmeier2020temperature,
  title={Temperature and tropopause characteristics from reanalyses data in the tropical tropopause layer},
  author={Tegtmeier, Susann and Anstey, James and Davis, Sean and Dragani, Rossana and Harada, Yayoi and Ivanciu, Ioana and Pilch Kedzierski, Robin and Kr{\"u}ger, Kirstin and Legras, Bernard and Long, Craig and others},
  journal={Atmospheric Chemistry and Physics},
  volume={20},
  number={2},
  pages={753--770},
  year={2020},
  publisher={Copernicus GmbH}
}

@article{free2005radiosonde,
  title={Radiosonde Atmospheric Temperature Products for Assessing Climate (RATPAC): A new data set of large-area anomaly time series},
  author={Free, Melissa and Seidel, Dian J and Angell, James K and Lanzante, John and Durre, Imke and Peterson, Thomas C},
  journal={Journal of Geophysical Research: Atmospheres},
  volume={110},
  number={D22},
  year={2005},
  publisher={Wiley Online Library}
}
@article{haimberger2007homogenization,
  title={Homogenization of radiosonde temperature time series using innovation statistics},
  author={Haimberger, Leopold},
  journal={Journal of Climate},
  volume={20},
  number={7},
  pages={1377--1403},
  year={2007}
}
@article{haimberger2012homogenization,
  title={Homogenization of the global radiosonde temperature dataset through combined comparison with reanalysis background series and neighboring stations},
  author={Haimberger, Leopold and Tavolato, Christina and Sperka, Stefan},
  journal={Journal of Climate},
  volume={25},
  number={23},
  pages={8108--8131},
  year={2012},
  publisher={American Meteorological Society}
}
@article{thorne2005revisiting,
  title={Revisiting radiosonde upper air temperatures from 1958 to 2002},
  author={Thorne, Peter W and Parker, David E and Tett, Simon FB and Jones, Phil D and McCarthy, Mark and Coleman, Holly and Brohan, Philip},
  journal={Journal of Geophysical Research: Atmospheres},
  volume={110},
  number={D18},
  year={2005},
  publisher={Wiley Online Library}
}
@article{durre2006overview,
  title={Overview of the integrated global radiosonde archive},
  author={Durre, Imke and Vose, Russell S and Wuertz, David B},
  journal={Journal of Climate},
  volume={19},
  number={1},
  pages={53--68},
  year={2006},
  publisher={American Meteorological Society}
}
@article{wickert2001atmosphere,
  title={Atmosphere sounding by GPS radio occultation: First results from CHAMP},
  author={Wickert, Jens and Reigber, Christoph and Beyerle, Georg and K{\"o}nig, Rolf and Marquardt, Christian and Schmidt, Torsten and Grunwaldt, Ludwig and Galas, Roman and Meehan, Thomas K and Melbourne, William G and others},
  journal={Geophysical research letters},
  volume={28},
  number={17},
  pages={3263--3266},
  year={2001},
  publisher={Wiley Online Library}
}
@article{beyerle2005gps,
  title={GPS radio occultation with GRACE: Atmospheric profiling utilizing the zero difference technique},
  author={Beyerle, Georg and Schmidt, Torsten and Michalak, Grzegorz and Heise, Stefan and Wickert, Jens and Reigber, Ch},
  journal={Geophysical Research Letters},
  volume={32},
  number={13},
  year={2005},
  publisher={Wiley Online Library}
}
@article{anthes2008cosmic,
  title={The COSMIC/FORMOSAT-3 mission: Early results},
  author={Anthes, Richard A and Bernhardt, PA and Chen, Y and Cucurull, L and Dymond, KF and Ector, D and Healy, SB and Ho, S-P and Hunt, DC and Kuo, Y-H and others},
  journal={Bulletin of the American Meteorological Society},
  volume={89},
  number={3},
  pages={313--334},
  year={2008},
  publisher={American Meteorological Society}
}
@article{von2011gras,
  title={GRAS radio occultation on-board of Metop},
  author={Von Engeln, A and Andres, Y and Marquardt, C and Sancho, F},
  journal={Advances in space research},
  volume={47},
  number={2},
  pages={336--347},
  year={2011},
  publisher={Elsevier}
}
@article{hajj2004champ,
  title={CHAMP and SAC-C atmospheric occultation results and intercomparisons},
  author={Hajj, George A and Ao, CO and Iijima, BA and Kuang, D and Kursinski, ER and Mannucci, AJ and Meehan, TK and Romans, LJ and de La Torre Juarez, M and Yunck, TP},
  journal={Journal of Geophysical Research: Atmospheres},
  volume={109},
  number={D6},
  year={2004},
  publisher={Wiley Online Library}
}

@article{beyerle2011first,
  title={First results from the GPS atmosphere sounding experiment TOR aboard the TerraSAR-X satellite},
  author={Beyerle, Georg and Grunwaldt, Ludwig and Heise, Stefan and K{\"o}hler, Wolfgang and K{\"o}nig, Rolf and Michalak, Grzegorz and Rothacher, Markus and Schmidt, Torsten and Wickert, Jens and Tapley, Byron D and others},
  journal={Atmospheric Chemistry and Physics},
  volume={11},
  number={13},
  pages={6687--6699},
  year={2011},
  publisher={Copernicus Publications G{\"o}ttingen, Germany}
}

@article{wheeler1999convectively,
  title={Convectively coupled equatorial waves: Analysis of clouds and temperature in the wavenumber--frequency domain},
  author={Wheeler, Matthew and Kiladis, George N},
  journal={Journal of the Atmospheric Sciences},
  volume={56},
  number={3},
  pages={374--399},
  year={1999},
  publisher={American Meteorological Society}
}
@article{gaffen1994temporal,
  title={Temporal inhomogeneities in radiosonde temperature records},
  author={Gaffen, Dian J},
  journal={Journal of Geophysical Research: Atmospheres},
  volume={99},
  number={D2},
  pages={3667--3676},
  year={1994},
  publisher={Wiley Online Library}
}

@article{parker1995towards,
  title={Towards a consistent global climatological rawinsonde data-base},
  author={Parker, DE and Cox, DI},
  journal={International journal of climatology},
  volume={15},
  number={5},
  pages={473--496},
  year={1995},
  publisher={Wiley Online Library}
}
@article{seidel2001climatological,
  title={Climatological characteristics of the tropical tropopause as revealed by radiosondes},
  author={Seidel, Dian J and Ross, Rebecca J and Angell, James K and Reid, George C},
  journal={Journal of Geophysical Research: Atmospheres},
  volume={106},
  number={D8},
  pages={7857--7878},
  year={2001},
  publisher={Wiley Online Library}
}
@article{redder2004unexplained,
  title={Unexplained discontinuity in the US radiosonde temperature data. Part II: Stratosphere},
  author={Redder, Christopher R and Luers, Jim K and Eskridge, Robert E},
  journal={Journal of Atmospheric and Oceanic Technology},
  volume={21},
  number={8},
  pages={1133--1144},
  year={2004},
  publisher={American Meteorological Society}
}

@article{lanzante2003temporal,
  title={Temporal homogenization of monthly radiosonde temperature data. Part I: Methodology},
  author={Lanzante, John R and Klein, Stephen A and Seidel, Dian J},
  journal={Journal of Climate},
  volume={16},
  number={2},
  pages={224--240},
  year={2003}
}

@article{sherwood2005radiosonde,
  title={Radiosonde daytime biases and late-20th century warming},
  author={Sherwood, Steven C and Lanzante, John R and Meyer, Cathryn L},
  journal={Science},
  volume={309},
  number={5740},
  pages={1556--1559},
  year={2005},
  publisher={American Association for the Advancement of Science}
}
@article{randel2006biases,
  title={Biases in stratospheric and tropospheric temperature trends derived from historical radiosonde data},
  author={Randel, William J and Wu, Fei},
  journal={Journal of Climate},
  volume={19},
  number={10},
  pages={2094--2104},
  year={2006},
  publisher={American Meteorological Society}
}

@article{xian2019global,
  title={Global tropopause altitudes in radiosondes and reanalyses},
  author={Xian, Tao and Homeyer, Cameron R},
  journal={Atmospheric Chemistry and Physics},
  volume={19},
  number={8},
  pages={5661--5678},
  year={2019},
  publisher={Copernicus GmbH}
}
@article{wallis1998subset,
  title={A subset of core stations from the Comprehensive Aerological Reference Dataset (CARDS)},
  author={Wallis, Trevor WR},
  journal={Journal of climate},
  volume={11},
  number={2},
  pages={272--282},
  year={1998},
  publisher={American Meteorological Society}
}